@book{szeliski2010computer,
  title={Computer Vision: Algorithms and Applications},
  author={Szeliski, Richard},
  year={2010},
  publisher={Springer Science \& Business Media}
}

@article{lecun2015deep,
  title={Deep learning},
  author={LeCun, Yann and Bengio, Yoshua and Hinton, Geoffrey},
  journal={Nature},
  volume={521},
  number={7553},
  pages={436--444},
  year={2015},
  publisher={Nature Publishing Group}
}

@book{thrun2005probabilistic,
  title={Probabilistic Robotics},
  author={Thrun, Sebastian and Burgard, Wolfram and Fox, Dieter},
  year={2005},
  publisher={MIT Press}
}

@article{bonin2008visual,
  title={Visual navigation for mobile robots: A survey},
  author={Bonin-Font, Francisco and Ortiz, Alberto and Oliver, Gabriel},
  journal={Journal of Intelligent and Robotic Systems},
  volume={53},
  number={3},
  pages={263--296},
  year={2008},
  publisher={Springer}
}

@inproceedings{kato1999marker,
  title={Marker tracking and HMD calibration for a video-based augmented reality conferencing system},
  author={Kato, Hirokazu and Billinghurst, Mark},
  booktitle={Proceedings of the 2nd IEEE and ACM International Workshop on Augmented Reality},
  year={1999},
  doi={10.1109/IWAR.1999.803809}
}

@article{garrido2014automatic,
  title={Automatic generation and detection of highly reliable fiducial markers under occlusion},
  author={Garrido-Jurado, Sergio and Mu{\~n}oz-Salinas, Rafael and Madrid-Cuevas, Francisco J and Mar{\'\i}n-Jim{\'e}nez, Manuel J},
  journal={Pattern Recognition},
  volume={47},
  number={6},
  pages={2280--2292},
  year={2014},
  publisher={Elsevier}
}
@article{garrido2016generation,
  title={Generation of fiducial marker dictionaries using mixed integer linear programming},
  author={Garrido-Jurado, Sergio and Mu{\~n}oz-Salinas, Rafael and Madrid-Cuevas, Francisco J and Mar{\'\i}n-Jim{\'e}nez, Manuel J},
  journal={Pattern Recognition},
  volume={51},
  pages={481--491},
  year={2016},
  publisher={Elsevier}
}

@inproceedings{valada2016deep,
  title={Deep learning for fully visual robot navigation},
  author={Valada, Abhinav and Mohan, Rohit and Burgard, Wolfram},
  booktitle={Proceedings of the IEEE/RSJ International Conference on Intelligent Robots and Systems (IROS)},
  pages={4495--4501},
  year={2016}
}

@INPROCEEDINGS{boniardi2016autonomous,
  author={Boniardi, Federico and Valada, Abhinav and Burgard, Wolfram and Tipaldi, Gian Diego},
  booktitle={2016 IEEE International Conference on Robotics and Automation (ICRA)}, 
  title={Autonomous indoor robot navigation using a sketch interface for drawing maps and routes}, 
  year={2016},
  pages={2896-2901},
  doi={10.1109/ICRA.2016.7487453}}


@article{guo2017k,
  title={A K-means-based network-partitioning algorithm for controller placement in software-defined networking},
  author={Guo, Yiming and Liu, Hongfang and Georgiopoulos, Michael and Juarez, Eduardo},
  journal={IEEE Transactions on Network and Service Management},
  volume={14},
  number={2},
  pages={408--421},
  year={2017},
  publisher={IEEE}
}

@book{bradski2008learning,
  title={Learning OpenCV: Computer Vision with the OpenCV Library},
  author={Bradski, Gary and Kaehler, Adrian},
  year={2008},
  publisher={O'Reilly Media, Inc.}
}

@article{romero2018speeded,
  title={Speeded up detection of squared fiducial markers},
  author={Romero-Ramirez, Francisco J and Mu{\~n}oz-Salinas, Rafael and Medina-Carnicer, Rafael},
  journal={Image and Vision Computing},
  volume={76},
  pages={38--47},
  year={2018},
  publisher={Elsevier}
}

@inproceedings{quigley2009ros,
  title={ROS: an open-source Robot Operating System},
  author={Quigley, Morgan and Conley, Ken and Gerkey, Brian P and Faust, Jonathan and Foote, Tully and Leibs, Jeremy and Wheeler, Rob and Ng, Andrew Y},
  booktitle={ICRA Workshop on Open Source Software},
  volume={3},
  number={3.2},
  pages={5},
  year={2009}
}

@book{maggio_cavallaro_2011, 
    place={Chichester, West Sussex, UK}, 
    title={Video tracking: Theory and practice}, 
    publisher={Wiley}, 
    author={Maggio, Emilio and Cavallaro, Andrea}, 
    year={2011}
} 

@inproceedings{sattler2011,
author = {Sattler, Torsten and Leibe, Bastian and Kobbelt, Leif},
year = {2011},
month = {11},
pages = {667-674},
title = {Fast image-based localization using direct 2D-to-3D matching},
doi = {10.1109/ICCV.2011.6126302}
}



@article{van2011anytime,
author = {van den Berg, Jur and Shah, Rajat and Huang, Arthur and Goldberg, Kenneth},
year = {2012},
month = {05},
pages = {},
title = {Anytime nonparametric A},
volume = {1},
journal = {Proceedings of the National Conference on Artificial Intelligence}
}

@online{opencvabout,
    author = "OpenCV",
    title = "About",
    url = "https://opencv.org/about/",
    year = 2020
}

@article{reliablefiducialmarkers,  
    author={Fiala, Mark},  
    journal={IEEE Transactions on Pattern Analysis and Machine Intelligence}, 
    title={Designing Highly Reliable Fiducial Markers}, 
    year={2010}, 
    volume={32}, 
    number={7}, 
    pages={1317-1324}, 
    doi={10.1109/TPAMI.2009.146}
    }

@online{opencvaruco,
    author = "OpenCV",
    title = "ArUco marker detection",
    url="https://docs.opencv.org/4.x/d9/d6d/tutorial_table_of_content_aruco.html",
    year = 2020
}

@INPROCEEDINGS{artag,
    author={Fiala, M.},
    booktitle={2005 IEEE Computer Society Conference on Computer Vision and Pattern Recognition (CVPR'05)}, 
    title={ARTag, a fiducial marker system using digital techniques}, 
    year={2005},
    volume={2},
    pages={590-596 vol. 2},
    doi={10.1109/CVPR.2005.74}}

@incollection{ALTAWELL202247,
title = {Introduction to Machine Olfaction Devices},
publisher = {Academic Press},
pages = {47-62},
year = {2022},
isbn = {978-0-12-822420-5},
doi = {https://doi.org/10.1016/B978-0-12-822420-5.00009-X},
author = {Najib Altawell},
keywords = {Graphical analysis, multivariate data analysis, self-organizing maps}
}

@INPROCEEDINGS{marut2019,
  author={Marut, Adam and Wojtowicz, Konrad and Falkowski, Krzysztof},
  booktitle={2019 IEEE 5th International Workshop on Metrology for AeroSpace (MetroAeroSpace)}, 
  title={ArUco markers pose estimation in UAV landing aid system}, 
  year={2019},
  volume={},
  number={},
  pages={261-266},
  doi={10.1109/MetroAeroSpace.2019.8869572}}

@article{gil2010,
author = {Gil, Arturo and Mozos, Oscar and Ballesta, Monica and Reinoso, Óscar},
year = {2010},
month = {10},
pages = {905-920},
title = {A comparative evaluation of interest point detectors and local descriptors for visual SLAM},
volume = {21},
journal = {Machine Vision and Applications},
doi = {10.1007/s00138-009-0195-x}
}

@ARTICLE{davison2007,
  author={Davison, Andrew J. and Reid, Ian D. and Molton, Nicholas D. and Stasse, Olivier},
  journal={IEEE Transactions on Pattern Analysis and Machine Intelligence}, 
  title={MonoSLAM: Real-Time Single Camera SLAM}, 
  year={2007},
  volume={29},
  number={6},
  pages={1052-1067},
  doi={10.1109/TPAMI.2007.1049}
}

@INPROCEEDINGS{compareartagartoolkitplus,
  author={Fiala, M.},
  booktitle={IEEE International Workshop on Haptic Audio Visual Environments and their Applications}, 
  title={Comparing ARTag and ARToolkit Plus fiducial marker systems}, 
  year={2005},
  pages={6 pp.},
  doi={10.1109/HAVE.2005.1545669}
}

@inproceedings{wagner2008,
author = {Wagner, Daniel and Reitmayr, Gerhard and Mulloni, Alessandro and Drummond, Tom and Schmalstieg, Dieter},
title = {Pose Tracking from Natural Features on Mobile Phones},
year = {2008},
isbn = {9781424428403},
publisher = {IEEE Computer Society},
address = {USA},
doi = {10.1109/ISMAR.2008.4637338},
booktitle = {Proceedings of the 7th IEEE/ACM International Symposium on Mixed and Augmented Reality},
pages = {125–134},
numpages = {10},
series = {ISMAR '08}
}

@INPROCEEDINGS{apriltag,
    author={Olson, Edwin}, 
    booktitle={2011 IEEE International Conference on Robotics and Automation},
    title={AprilTag: A robust and flexible visual fiducial system},
    year={2011},  volume={},  number={},  pages={3400-3407},
    doi={10.1109/ICRA.2011.5979561}
}

@INPROCEEDINGS{arucomarkercnn,
    author={Li, Boxuan and Wu, Jiezhang and Tan, Xiaojun and Wang, Benfei},
    booktitle={2020 5th International Conference on Automation, Control and Robotics Engineering (CACRE)}, 
    title={ArUco Marker Detection under Occlusion Using Convolutional Neural Network}, 
    year={2020},volume={},number={},pages={706-711},
    doi={10.1109/CACRE50138.2020.9230250}
}

@InProceedings{comparearandapriltag,
    author="Shabalina, Ksenia and Sagitov, Artur and Sabirova, Leysan and Li, Hongbing and Magid, Evgeni",
    editor="Gusikhin, Oleg and Madani, Kurosh",
    title="ARTag, AprilTag and CALTag Fiducial Systems Comparison in a Presence of Partial Rotation: Manual and Automated Approaches",
    booktitle="Informatics in Control, Automation and Robotics",
    year="2020",
    publisher="Springer International Publishing",
    address="Cham",
    pages="536--558",
    isbn="978-3-030-11292-9"
}

@article{FMforposeestimation,
author = {Kalaitzakis, Michail and Cain, Brennan and Carroll, Sabrina and Ambrosi, Anand and Whitehead, Camden and Vitzilaios, Nikolaos},
year = {2021},
month = {04},
pages = {},
title = {Fiducial Markers for Pose Estimation: Overview, Applications and Experimental Comparison of the ARTag, AprilTag, ArUco and STag Markers},
volume = {101},
journal = {Journal of Intelligent \& Robotic Systems},
doi = {10.1007/s10846-020-01307-9}
}

@online{pyimagesearch,
    author= "PyImageSearch",
    title = "ArUco Markers",
    url = "https://pyimagesearch.com/category/aruco-markers/",
    year = 2021
}

@article{elias,
    author = {Elias Lageder},
    title = {A Computer Vision System using Fiducial Markers},
    year = {2021},
    month = {05},
    url = {https://secure.ecs.soton.ac.uk/notes/comp3200/e_archive/COMP3200/2021/el6g18/pdfs/Report.pdf}
}

@INPROCEEDINGS{detectionchallenge,  
    author={Calvet, Lilian and Gurdjos, Pierre and Griwodz, Carsten and Gasparini, Simone},  booktitle={2016 IEEE Conference on Computer Vision and Pattern Recognition (CVPR)}, 
    title={Detection and Accurate Localization of Circular Fiducials under Highly Challenging Conditions}, 
    year={2016},  
    pages={562-570},  
    doi={10.1109/CVPR.2016.67}
}

@online{artoolkit,
    title = "ARToolKit",
    author = "Washington Publications",
    url = "http://www.hitl.washington.edu/artoolkit.html"
}

@INPROCEEDINGS{artoolkitbasis,
  author={Kato, H. and Billinghurst, M.},
  booktitle={Proceedings 2nd IEEE and ACM International Workshop on Augmented Reality (IWAR'99)}, 
  title={Marker tracking and HMD calibration for a video-based augmented reality conferencing system}, 
  year={1999},
  volume={},
  number={},
  pages={85-94},
  doi={10.1109/IWAR.1999.803809}}

@book{hammingdistancedefn,
title = {Pulse code modulation techniques with applications in communications and data recording},
author = {Bill Waggener},
publisher = {Van Nostrand Reinhold},
address = {New York},
year = {1995}
}

@article{stag,
title = {STag: A stable fiducial marker system},
journal = {Image and Vision Computing},
volume = {89},
pages = {158-169},
year = {2019},
issn = {0262-8856},
doi = {https://doi.org/10.1016/j.imavis.2019.06.007},
author = {Burak Benligiray and Cihan Topal and Cuneyt Akinlar},
keywords = {Fiducial markers, Pose estimation stability, Geometric calibration, Mixed reality}
}

@online{raspberrypizero,
    title = "Raspberry Pi Zero: the \$5 computer",
    author = "Raspberry Pi",
    year = "2021",
    url = "https://www.raspberrypi.com/news/raspberry-pi-zero/",
    addendum = "(accessed: December 8, 2022)"
}

@online{opencvarucomodule,
    url = "https://docs.opencv.org/4.1.0/d9/d53/aruco_8hpp.html",
    author = "OpenCV --- Open Source Computer Vision",
    title = "aruco.hpp File Reference"
}

@online{opencvdetectionaruco,
    url = "https://docs.opencv.org/4.1.0/d5/dae/tutorial_aruco_detection.html",
    author = "OpenCV --- Open Source Computer Vision",
    title = "Detection of ArUco Markers"
}

@online{arucogenerator,
url = "https://chev.me/arucogen/",
author = "Oleg Kalachev",
title = "ArUco Marker Generator"
}

@online{asana,
url = "https://asana.com/",
author = "Asana",
title = "Asana: Project Management tool"
}

@online{notion,
url = "https://www.notion.so/",
author = "Notion",
title = "Notion: One Workspace. Every Team."
}

